<record><leader>00000cas a2200000 a 4500</leader><controlfield tag="001">27056645</controlfield><controlfield tag="008">921203d197419uumiuuu n       0   a0eng c</controlfield><datafield ind1=" " ind2=" " tag="010"><subfield code="a">sn 97063319 </subfield></datafield><datafield ind1=" " ind2=" " tag="040"><subfield code="a">EEM</subfield><subfield code="b">eng</subfield><subfield code="c">EEM</subfield><subfield code="d">MHN</subfield><subfield code="d">OCL</subfield><subfield code="d">OCLCQ</subfield><subfield code="d">OCLCO</subfield><subfield code="d">IUL</subfield><subfield code="d">OCLCF</subfield><subfield code="d">CUS</subfield><subfield code="d">DLC</subfield></datafield><datafield ind1="0" ind2=" " tag="022"><subfield code="a">2471-1152</subfield><subfield code="2">1</subfield></datafield><datafield ind1=" " ind2=" " tag="042"><subfield code="a">pcc</subfield><subfield code="a">nsdp</subfield></datafield><datafield ind1=" " ind2=" " tag="043"><subfield code="a">n-us-mi</subfield></datafield><datafield ind1="1" ind2="0" tag="050"><subfield code="a">ISSN RECORD</subfield></datafield><datafield ind1="1" ind2="0" tag="082"><subfield code="a">071</subfield><subfield code="2">23</subfield></datafield><datafield ind1="0" ind2=" " tag="130"><subfield code="a">Spectacle (East Lansing, Mich. Print)</subfield></datafield><datafield ind1=" " ind2="4" tag="222"><subfield code="a">The spectacle</subfield><subfield code="b">(East Lansing, Mich. Print)</subfield></datafield><datafield ind1="1" ind2="4" tag="245"><subfield code="a">The spectacle.</subfield></datafield><datafield ind1=" " ind2=" " tag="260"><subfield code="a">East Lansing, Michigan :</subfield><subfield code="b">Beni Ortiz, Frank Fox, Tom Price, Lynnemarie Fox, Bud Van Ryn</subfield></datafield><datafield ind1=" " ind2=" " tag="300"><subfield code="a">v. :</subfield><subfield code="b">ill. ;</subfield><subfield code="c">39 cm.</subfield></datafield><datafield ind1="0" ind2=" " tag="362"><subfield code="a">Vol. 1, no. 1 (1974)-</subfield></datafield><datafield ind1="2" ind2="0" tag="610"><subfield code="a">Michigan State University</subfield><subfield code="x">Students</subfield><subfield code="v">Periodicals.</subfield></datafield><datafield ind1=" " ind2="0" tag="650"><subfield code="a">Underground press publications</subfield><subfield code="z">Michigan</subfield><subfield code="z">East Lansing.</subfield></datafield><datafield ind1=" " ind2="0" tag="651"><subfield code="a">East Lansing (Mich.)</subfield><subfield code="v">Newspapers.</subfield></datafield><datafield ind1=" " ind2="0" tag="651"><subfield code="a">Ingham County (Mich.)</subfield><subfield code="v">Newspapers.</subfield></datafield><datafield ind1="2" ind2="7" tag="610"><subfield code="a">Michigan State University.</subfield><subfield code="2">fast</subfield><subfield code="0">(OCoLC)fst00532746</subfield></datafield><datafield ind1=" " ind2="7" tag="650"><subfield code="a">Students.</subfield><subfield code="2">fast</subfield><subfield code="0">(OCoLC)fst01136041</subfield></datafield><datafield ind1=" " ind2="7" tag="650"><subfield code="a">Underground press publications.</subfield><subfield code="2">fast</subfield><subfield code="0">(OCoLC)fst01160984</subfield></datafield><datafield ind1=" " ind2="7" tag="651"><subfield code="a">Michigan</subfield><subfield code="z">East Lansing.</subfield><subfield code="2">fast</subfield><subfield code="0">(OCoLC)fst01206858</subfield></datafield><datafield ind1=" " ind2="7" tag="651"><subfield code="a">Michigan</subfield><subfield code="z">Ingham County.</subfield><subfield code="2">fast</subfield><subfield code="0">(OCoLC)fst01209050</subfield></datafield><datafield ind1=" " ind2="7" tag="655"><subfield code="a">Newspapers.</subfield><subfield code="2">fast</subfield><subfield code="0">(OCoLC)fst01423814</subfield></datafield><datafield ind1=" " ind2="7" tag="655"><subfield code="a">Periodicals.</subfield><subfield code="2">fast</subfield><subfield code="0">(OCoLC)fst01411641</subfield></datafield><datafield ind1=" " ind2=" " tag="752"><subfield code="a">United States</subfield><subfield code="b">Michigan</subfield><subfield code="c">Ingham</subfield><subfield code="d">East Lansing.</subfield></datafield><datafield ind1="0" ind2="8" tag="776"><subfield code="i">Online version:</subfield><subfield code="t">Spectacle (East Lansing, Mich. Online)</subfield><subfield code="x">2471-1160</subfield><subfield code="w">(DLC)  2016201827</subfield><subfield code="w">(OCoLC)800423303</subfield></datafield><datafield ind1="4" ind2="1" tag="856"><subfield code="u">http://voices.revealdigital.com/cgi-bin/independentvoices?a=cl&amp;cl=CL1&amp;sp=CHAFGGEF&amp;ai=1</subfield></datafield><datafield ind1="1" ind2=" " tag="029"><subfield code="a">AU@</subfield><subfield code="b">000013434812</subfield></datafield></record>